@book{opac-b1085639,
   title = "The ecological approach to visual perception",
   author = "Gibson, James Jerome",
   publisher = "Houghton Mifflin",
   address = "Boston",
   url = "http://opac.inria.fr/record=b1085639",
   isbn = "0-395-27049-9",
   note = "Includes indexes",
   year = 1979
}

@inproceedings{Pelleg:2000:XEK:645529.657808,
 author = {Pelleg, Dan and Moore, Andrew W.},
 title = {X-means: Extending K-means with Efficient Estimation of the Number of Clusters},
 booktitle = {Proceedings of the Seventeenth International Conference on Machine Learning},
 series = {ICML '00},
 year = {2000},
 isbn = {1-55860-707-2},
 pages = {727--734},
 numpages = {8},
 url = {http://dl.acm.org/citation.cfm?id=645529.657808},
 acmid = {657808},
 publisher = {Morgan Kaufmann Publishers Inc.},
 address = {San Francisco, CA, USA},
}

@inproceedings{Ankerst:1999:OOP:304182.304187,
 author = {Ankerst, Mihael and Breunig, Markus M. and Kriegel, Hans-Peter and Sander, J\"{o}rg},
 title = {OPTICS: Ordering Points to Identify the Clustering Structure},
 booktitle = {Proceedings of the 1999 ACM SIGMOD International Conference on Management of Data},
 series = {SIGMOD '99},
 year = {1999},
 isbn = {1-58113-084-8},
 location = {Philadelphia, Pennsylvania, USA},
 pages = {49--60},
 numpages = {12},
 url = {http://doi.acm.org/10.1145/304182.304187},
 doi = {10.1145/304182.304187},
 acmid = {304187},
 publisher = {ACM},
 address = {New York, NY, USA},
 keywords = {cluster analysis, database mining, visualization},
}



@article {EDP:EDP157,
author = {Meltzoff, Andrew N. and Moore, M. Keith},
title = {Explaining facial imitation: a theoretical model},
journal = {Early Development and Parenting},
volume = {6},
number = {3-4},
publisher = {John Wiley & Sons, Ltd.},
issn = {1099-0917},
url = {http://dx.doi.org/10.1002/(SICI)1099-0917(199709/12)6:3/4<179::AID-EDP157>3.0.CO;2-R},
doi = {10.1002/(SICI)1099-0917(199709/12)6:3/4<179::AID-EDP157>3.0.CO;2-R},
pages = {179--192},
keywords = {imitation, faces, cross-modal, memory, motor coordination, self},
year = {1997},
}

@ARTICLE{10.3389/neuro.12.006.2007,
AUTHOR={Oudeyer, Pierre-Yves and Kaplan, Frederic},
TITLE={What is intrinsic motivation? A typology of computational approaches},
JOURNAL={Frontiers in Neurorobotics},
VOLUME={1},
PAGES={6},
YEAR={2009},
URL={http://journal.frontiersin.org/article/10.3389/neuro.12.006.2007},
DOI={10.3389/neuro.12.006.2007},
ISSN={1662-5218}
}


@article{Xu2015,
author = {Xu, Dongkuan and Tian, Yingjie},
doi = {10.1007/s40745-015-0040-1},
file = {:home/stanislas/Papers/art{\%}3A10.1007{\%}2Fs40745-015-0040-1.pdf:pdf},
isbn = {2198-5804},
issn = {2198-5804},
journal = {Annals of Data Science},
keywords = {Clustering,Clustering algorithm,Clustering analysis,Survey,Unsupervised learning,clustering,clustering algorithm,clustering analysis,survey,unsupervised learning},
mendeley-groups = {Clustering},
number = {2},
pages = {165--193},
publisher = {Springer Berlin Heidelberg},
title = {{A Comprehensive Survey of Clustering Algorithms}},
url = {http://link.springer.com/10.1007/s40745-015-0040-1},
volume = {2},
year = {2015}
}

@article{Andreopoulos2009,
author = {Andreopoulos, Bill and An, Aijun and Wang, Xiaogang and Schroeder, Michael},
doi = {10.1093/bib/bbn058},
file = {:home/stanislas/Papers/roadmapclustering.pdf:pdf},
isbn = {1477-4054},
issn = {14675463},
journal = {Briefings in Bioinformatics},
keywords = {Bioinformatics,Clustering,Gene expression,Interactome,Network,Protein},
mendeley-groups = {Clustering},
number = {3},
pages = {297--314},
pmid = {19240124},
title = {{A roadmap of clustering algorithms: Finding a match for a biomedical application}},
volume = {10},
year = {2009}
}

@article{Fahad2014,
author = {Fahad, Adil and Alshatri, Najlaa and Tari, Zahir and Alamri, Abdullah and Khalil, Ibrahim and Zomaya, Albert Y. and Foufou, Sebti and Bouras, Abdelaziz},
doi = {10.1109/TETC.2014.2330519},
file = {:home/stanislas/Papers/06832486.pdf:pdf},
isbn = {978-1-4799-7193-0},
issn = {21686750},
journal = {IEEE Transactions on Emerging Topics in Computing},
keywords = {Clustering algorithms,big data,unsupervised learning},
mendeley-groups = {Clustering},
number = {3},
pages = {267--279},
pmid = {25415993},
title = {{A survey of clustering algorithms for big data: Taxonomy and empirical analysis}},
volume = {2},
year = {2014}
}

@article{Sajana2016,
author = {Sajana, T. and {Sheela Rani}, C. M. and Narayana, K. V.},
doi = {10.17485/ijst/2016/v9i3/75971},
file = {:home/stanislas/Papers/75971-155622-2-PB.pdf:pdf},
issn = {09745645},
journal = {Indian Journal of Science and Technology},
keywords = {Characteristics of big data,Clustering algorithms - partitioning,Density,Grid based,Hierarchical,Homogenous data,Model based},
mendeley-groups = {Clustering},
number = {3},
pages = {1--12},
title = {{A survey on clustering techniques for big data mining}},
volume = {9},
year = {2016}
}

@INPROCEEDINGS{Goncalves2014,
author={A. Gon√ßalves and G. Saponaro and L. Jamone and A. Bernardino},
booktitle={2014 IEEE International Conference on Autonomous Robot Systems and Competitions (ICARSC)},
title={Learning visual affordances of objects and tools through autonomous robot exploration},
year={2014},
pages={128-133},
doi={10.1109/ICARSC.2014.6849774},
month={May},}

@article{Maestre2015,
author = {Maestre, Carlos and Cully, Antoine and Gonzales, Christophe and Doncieux, Stephane},
doi = {10.1109/DEVLRN.2015.7346098},
file = {:home/stanislas/Papers/MAESTRE{\_}2015{\_}ICDL{\_}ACCEPTED{\_}FINAL.pdf:pdf},
isbn = {9781467393201},
journal = {5th Joint International Conference on Development and Learning and Epigenetic Robotics, ICDL-EpiRob 2015},
pages = {7--12},
title = {{Bootstrapping interactions with objects from raw sensorimotor data: A novelty search based approach}},
year = {2015}
}

@article{Ugur2012,
doi = {10.1109/IROS.2012.6385639},
file = {:home/stanislas/Papers/06385639.pdf:pdf},
isbn = {9781467317375},
issn = {21530858},
journal = {IEEE International Conference on Intelligent Robots and Systems},
mendeley-groups = {Affordances},
pages = {3260--3267},
title = {{Self-discovery of motor primitives and learning grasp affordances}},
year = {2012}
}


@INPROCEEDINGS{Mouret2010,
AUTHOR = {Mouret, J.-B. and Doncieux, S.},
TITLE = {{SFERES}v2: Evolvin' in the Multi-Core World},
YEAR = {2010},
BOOKTITLE = {Proc. of Congress on Evolutionary Computation (CEC)},
PAGES = {4079--4086} }


@article{Asada2009,
author = {Asada, Minoru and Hosoda, Koh and Kuniyoshi, Yasuo and Ishiguro, Hiroshi and Inui, Toshio and Yoshikawa, Yuichiro and Ogino, Masaki and Yoshida, Chisato},
doi = {10.1109/TAMD.2009.2021702},
file = {:home/stanislas/Papers/Asada{\_}etal{\_}2009.pdf:pdf},
isbn = {1943-0604},
issn = {19430604},
journal = {IEEE Transactions on Autonomous Mental Development},
keywords = {Cognitive developmental robotics (CDR),Development model,Synthetic approach},
mendeley-groups = {Cognitive Robotics},
number = {1},
pages = {12--34},
title = {{Cognitive Developmental Robotics: A Survey}},
volume = {1},
year = {2009}
}

@ARTICLE{4456755,
author={L. Montesano and M. Lopes and A. Bernardino and J. Santos-Victor},
journal={IEEE Transactions on Robotics},
title={Learning Object Affordances: From Sensory--Motor Coordination to Imitation},
year={2008},
volume={24},
number={1},
pages={15-26},
doi={10.1109/TRO.2007.914848},
ISSN={1552-3098},
month={Feb},}



@article{Ugur2011,
author = {Ugur, Emre and Oztop, Erhan and Sahin, Erol},
doi = {10.1016/j.robot.2011.04.005},
file = {:home/stanislas/Papers/Goal{\_}emulation{\_}and{\_}planning{\_}in{\_}perceptua.pdf:pdf},
isbn = {0921-8890},
issn = {09218890},
journal = {Robotics and Autonomous Systems},
keywords = {Affordance,Cognitive robotics,Developmental robotics,Manipulation,Perception,Sensorimotor learning},
mendeley-groups = {Affordances},
number = {7-8},
pages = {580--595},
title = {{Goal emulation and planning in perceptual space using learned affordances}},
volume = {59},
year = {2011}
}

@article{Deb:2002:FEM:2221359.2221582,
 author = {Deb, K. and Pratap, A. and Agarwal, S. and Meyarivan, T.},
 title = {A Fast and Elitist Multiobjective Genetic Algorithm: NSGA-II},
 journal = {Trans. Evol. Comp},
 issue_date = {April 2002},
 volume = {6},
 number = {2},
 month = apr,
 year = {2002},
 issn = {1089-778X},
 pages = {182--197},
 numpages = {16},
 url = {http://dx.doi.org/10.1109/4235.996017},
 doi = {10.1109/4235.996017},
 acmid = {2221582},
 publisher = {IEEE Press},
 address = {Piscataway, NJ, USA},
}

@INPROCEEDINGS{4399517,
author={M. Lopes and F. S. Melo and L. Montesano},
booktitle={2007 IEEE/RSJ ICIRS},
title={Affordance-based imitation learning in robots},
year={2007},
pages={1015-1021},
keywords={humanoid robots;learning (artificial intelligence);affordance-based imitation learning;general world model;humanoid robot;Bayesian methods;Data mining;Emulation;Humanoid robots;Humans;Intelligent robots;Learning;Power system modeling;USA Councils},
doi={10.1109/IROS.2007.4399517},
ISSN={2153-0858},
month={Oct},}
